@BOOK{textbook,
    AUTHOR = {Wolfe J.M., Kluender K.R. \& Levi D.M.},
    TITLE = {Sensation \& Perception},
    PUBLISHER = {Sinauer Oxford University Press},
    YEAR = {2018},
    EDITION = {(International 4th Edition)},
    PAGES = {70-77},
}
